@inproceedings{tellex2011understanding,
  title={Understanding natural language commands for robotic navigation and mobile manipulation},
  author={Tellex, Stefanie and Kollar, Thomas and Dickerson, Steven and Walter, Matthew and Banerjee, Ashis and Teller, Seth and Roy, Nicholas},
  booktitle={Proceedings of the AAAI conference on artificial intelligence},
  volume={25},
  number={1},
  pages={1507--1514},
  year={2011}
}

@inproceedings{cao2019v,
  title={V. ra: An in-situ visual authoring system for robot-iot task planning with augmented reality},
  author={Cao, Yuanzhi and Xu, Zhuangying and Li, Fan and Zhong, Wentao and Huo, Ke and Ramani, Karthik},
  booktitle={Proceedings of the 2019 on designing interactive systems conference},
  pages={1059--1070},
  year={2019}
}

@article{kitagawa2023online,
  title={Online tangible robot programming: interactive automation method from teleoperation of manipulation task},
  author={Kitagawa, Shingo and Hasegawa, Shun and Yamaguchi, Naoya and Okada, Kei and Inaba, Masayuki},
  journal={Advanced Robotics},
  volume={37},
  number={16},
  pages={1063--1081},
  year={2023},
  publisher={Taylor \& Francis}
}

@inproceedings{akgun2012trajectories,
  title={Trajectories and keyframes for kinesthetic teaching: A human-robot interaction perspective},
  author={Akgun, Baris and Cakmak, Maya and Yoo, Jae Wook and Thomaz, Andrea Lockerd},
  booktitle={Proceedings of the seventh annual ACM/IEEE international conference on Human-Robot Interaction},
  pages={391--398},
  year={2012}
}

@inproceedings{porfirio2018authoring,
  title={Authoring and verifying human-robot interactions},
  author={Porfirio, David and Saupp{\'e}, Allison and Albarghouthi, Aws and Mutlu, Bilge},
  booktitle={Proceedings of the 31st annual acm symposium on user interface software and technology},
  pages={75--86},
  year={2018}
}

@inproceedings{alexandrova2015roboflow,
  title={RoboFlow: A flow-based visual programming language for mobile manipulation tasks},
  author={Alexandrova, Sonya and Tatlock, Zachary and Cakmak, Maya},
  booktitle={2015 IEEE International Conference on Robotics and Automation (ICRA)},
  pages={5537--5544},
  year={2015},
  organization={IEEE}
}

@inproceedings{kari2021transformr,
  title        = {TransforMR: Pose-Aware Object Substitution for Composing Alternate Mixed Realities},
  author       = {Kari, Mohamed and Grosse-Puppendahl, Tobias and Coelho, Luis Falconeri and Fender, Andreas Rene and Bethge, David and Sch{\"u}tte, Reinhard and Holz, Christian},
  booktitle    = {Proceedings of the 2021 IEEE International Symposium on Mixed and Augmented Reality},
  pages        = {69--79},
  year         = {2021}
}

@article{zha2023distilling,
  title={Distilling and retrieving generalizable knowledge for robot manipulation via language corrections},
  author={Zha, Lihan and Cui, Yuchen and Lin, Li-Heng and Kwon, Minae and Arenas, Montserrat Gonzalez and Zeng, Andy and Xia, Fei and Sadigh, Dorsa},
  journal={arXiv preprint arXiv:2311.10678},
  year={2023}
}

@article{huang2022inner,
  title={Inner monologue: Embodied reasoning through planning with language models},
  author={Huang, Wenlong and Xia, Fei and Xiao, Ted and Chan, Harris and Liang, Jacky and Florence, Pete and Zeng, Andy and Tompson, Jonathan and Mordatch, Igor and Chebotar, Yevgen and others},
  journal={arXiv preprint arXiv:2207.05608},
  year={2022}
}

@article{yao2022react,
  title={React: Synergizing reasoning and acting in language models},
  author={Yao, Shunyu and Zhao, Jeffrey and Yu, Dian and Du, Nan and Shafran, Izhak and Narasimhan, Karthik and Cao, Yuan},
  journal={arXiv preprint arXiv:2210.03629},
  year={2022}
}

@inproceedings{mahadevan2024generative,
  title={Generative expressive robot behaviors using large language models},
  author={Mahadevan, Karthik and Chien, Jonathan and Brown, Noah and Xu, Zhuo and Parada, Carolina and Xia, Fei and Zeng, Andy and Takayama, Leila and Sadigh, Dorsa},
  booktitle={Proceedings of the 2024 ACM/IEEE International Conference on Human-Robot Interaction},
  pages={482--491},
  year={2024}
}

@article{yu2023language,
  title={Language to rewards for robotic skill synthesis},
  author={Yu, Wenhao and Gileadi, Nimrod and Fu, Chuyuan and Kirmani, Sean and Lee, Kuang-Huei and Arenas, Montse Gonzalez and Chiang, Hao-Tien Lewis and Erez, Tom and Hasenclever, Leonard and Humplik, Jan and others},
  journal={arXiv preprint arXiv:2306.08647},
  year={2023}
}

@article{liang2024learning,
  title={Learning to learn faster from human feedback with language model predictive control},
  author={Liang, Jacky and Xia, Fei and Yu, Wenhao and Zeng, Andy and Arenas, Montserrat Gonzalez and Attarian, Maria and Bauza, Maria and Bennice, Matthew and Bewley, Alex and Dostmohamed, Adil and others},
  journal={arXiv preprint arXiv:2402.11450},
  year={2024}
}

@article{kwon2023toward,
  title={Toward grounded commonsense reasoning},
  author={Kwon, Minae and Hu, Hengyuan and Myers, Vivek and Karamcheti, Siddharth and Dragan, Anca and Sadigh, Dorsa},
  journal={arXiv e-prints},
  pages={arXiv--2306},
  year={2023}
}

@article{winge2024talk,
  title={Talk Through It: End User Directed Manipulation Learning},
  author={Winge, Carl and Imdieke, Adam and Aldeeb, Bahaa and Kang, Dongyeop and Desingh, Karthik},
  journal={arXiv preprint arXiv:2402.12509},
  year={2024}
}

@inproceedings{stegner2024understanding,
  title={Understanding On-the-Fly End-User Robot Programming},
  author={Stegner, Laura and Hwang, Yuna and Porfirio, David and Mutlu, Bilge},
  booktitle={Proceedings of the 2024 ACM Designing Interactive Systems Conference},
  pages={2468--2480},
  year={2024}
}

@article{ajaykumar2021survey,
  title={A survey on end-user robot programming},
  author={Ajaykumar, Gopika and Steele, Maureen and Huang, Chien-Ming},
  journal={ACM Computing Surveys (CSUR)},
  volume={54},
  number={8},
  pages={1--36},
  year={2021},
  publisher={ACM New York, NY}
}

@article{hunt2024survey,
  title={A Survey of Language-Based Communication in Robotics},
  author={Hunt, William and Ramchurn, Sarvapali D and Soorati, Mohammad D},
  journal={arXiv preprint arXiv:2406.04086},
  year={2024}
}

@inproceedings{liu2011roboshop,
  title={Roboshop: multi-layered sketching interface for robot housework assignment and management},
  author={Liu, Kexi and Sakamoto, Daisuke and Inami, Masahiko and Igarashi, Takeo},
  booktitle={Proceedings of the SIGCHI Conference on Human Factors in Computing Systems},
  pages={647--656},
  year={2011}
}

@article{skubic2007using,
  title={Using a hand-drawn sketch to control a team of robots},
  author={Skubic, Marjorie and Anderson, Derek and Blisard, Samuel and Perzanowski, Dennis and Schultz, Alan},
  journal={Autonomous Robots},
  volume={22},
  pages={399--410},
  year={2007},
  publisher={Springer}
}

@incollection{lieberman2006end,
  title={End-user development: An emerging paradigm},
  author={Lieberman, Henry and Patern{\`o}, Fabio and Klann, Markus and Wulf, Volker},
  booktitle={End user development},
  pages={1--8},
  year={2006},
  publisher={Springer}
}

%%%% EURP
@inproceedings{huang2017code3,
  title={Code3: A system for end-to-end programming of mobile manipulator robots for novices and experts},
  author={Huang, Justin and Cakmak, Maya},
  booktitle={Proceedings of the 2017 ACM/IEEE International Conference on Human-Robot Interaction},
  pages={453--462},
  year={2017}
}
@inproceedings{karli2024alchemist,
  title={Alchemist: LLM-Aided End-User Development of Robot Applications},
  author={Karli, Ulas Berk and Chen, Juo-Tung and Antony, Victor Nikhil and Huang, Chien-Ming},
  booktitle={Proceedings of the 2024 ACM/IEEE International Conference on Human-Robot Interaction},
  pages={361--370},
  year={2024}
}
@article{ge2024cocobo,
  title={Cocobo: Exploring Large Language Models as the Engine for End-User Robot Programming},
  author={Ge, Yate and Dai, Yi and Shan, Run and Li, Kechun and Hu, Yuanda and Sun, Xiaohua},
  journal={arXiv preprint arXiv:2407.20712},
  year={2024}
}
@inproceedings{huang2020vipo,
  title={Vipo: Spatial-visual programming with functions for robot-IoT workflows},
  author={Huang, Gaoping and Rao, Pawan S and Wu, Meng-Han and Qian, Xun and Nof, Shimon Y and Ramani, Karthik and Quinn, Alexander J},
  booktitle={Proceedings of the 2020 CHI conference on human factors in computing systems},
  pages={1--13},
  year={2020}
}
@inproceedings{mahadevan2022mimic,
  title={Mimic: In-situ recording and re-use of demonstrations to support robot teleoperation},
  author={Mahadevan, Karthik and Chen, Yan and Cakmak, Maya and Tang, Anthony and Grossman, Tovi},
  booktitle={Proceedings of the 35th Annual ACM Symposium on User Interface Software and Technology},
  pages={1--13},
  year={2022}
}
@inproceedings{senft2021situated,
  title={Situated live programming for human-robot collaboration},
  author={Senft, Emmanuel and Hagenow, Michael and Radwin, Robert and Zinn, Michael and Gleicher, Michael and Mutlu, Bilge},
  booktitle={The 34th Annual ACM Symposium on User Interface Software and Technology},
  pages={613--625},
  year={2021}
}
@article{ikeda2024programar,
  title={PRogramAR: Augmented Reality End-User Robot Programming},
  author={Ikeda, Bryce and Szafir, Daniel},
  journal={ACM Transactions on Human-Robot Interaction},
  volume={13},
  number={1},
  pages={1--20},
  year={2024},
  publisher={ACM New York, NY}
}
@inproceedings{suzuki2022augmented,
  title={Augmented reality and robotics: A survey and taxonomy for ar-enhanced human-robot interaction and robotic interfaces},
  author={Suzuki, Ryo and Karim, Adnan and Xia, Tian and Hedayati, Hooman and Marquardt, Nicolai},
  booktitle={Proceedings of the 2022 CHI Conference on Human Factors in Computing Systems},
  pages={1--33},
  year={2022}
}
@inproceedings{quintero2018robot,
  title={Robot programming through augmented trajectories in augmented reality},
  author={Quintero, Camilo Perez and Li, Sarah and Pan, Matthew KXJ and Chan, Wesley P and Van der Loos, HF Machiel and Croft, Elizabeth},
  booktitle={2018 IEEE/RSJ International Conference on Intelligent Robots and Systems (IROS)},
  pages={1838--1844},
  year={2018},
  organization={IEEE}
}
@inproceedings{gong2019projection,
  title={Projection-based augmented reality interface for robot grasping tasks},
  author={Gong, LL and Ong, SK and Nee, AYC},
  booktitle={Proceedings of the 2019 4th International Conference on Robotics, Control and Automation},
  pages={100--104},
  year={2019}
}
@inproceedings{huang2016design,
  title={Design and evaluation of a rapid programming system for service robots},
  author={Huang, Justin and Lau, Tessa and Cakmak, Maya},
  booktitle={2016 11th ACM/IEEE International Conference on Human-Robot Interaction (HRI)},
  pages={295--302},
  year={2016},
  organization={IEEE}
}
@inproceedings{weintrop2018evaluating,
  title={Evaluating CoBlox: A comparative study of robotics programming environments for adult novices},
  author={Weintrop, David and Afzal, Afsoon and Salac, Jean and Francis, Patrick and Li, Boyang and Shepherd, David C and Franklin, Diana},
  booktitle={Proceedings of the 2018 CHI Conference on Human Factors in Computing Systems},
  pages={1--12},
  year={2018}
}
@inproceedings{sefidgar2017situated,
  title={Situated tangible robot programming},
  author={Sefidgar, Yasaman S and Agarwal, Prerna and Cakmak, Maya},
  booktitle={Proceedings of the 2017 ACM/IEEE International Conference on Human-Robot Interaction},
  pages={473--482},
  year={2017}
}
@inproceedings{gao2019pati,
  title={PATI: a projection-based augmented table-top interface for robot programming},
  author={Gao, Yuxiang and Huang, Chien-Ming},
  booktitle={Proceedings of the 24th international conference on intelligent user interfaces},
  pages={345--355},
  year={2019}
}
@inproceedings{porfirio2019bodystorming,
  title={Bodystorming human-robot interactions},
  author={Porfirio, David and Fisher, Evan and Saupp{\'e}, Allison and Albarghouthi, Aws and Mutlu, Bilge},
  booktitle={proceedings of the 32nd annual ACM symposium on user Interface software and technology},
  pages={479--491},
  year={2019}
}
@inproceedings{sakamoto2009sketch,
  title={Sketch and run: a stroke-based interface for home robots},
  author={Sakamoto, Daisuke and Honda, Koichiro and Inami, Masahiko and Igarashi, Takeo},
  booktitle={Proceedings of the SIGCHI conference on human factors in computing systems},
  pages={197--200},
  year={2009}
}
@inproceedings{porfirio2023sketching,
  title={Sketching robot programs on the fly},
  author={Porfirio, David and Stegner, Laura and Cakmak, Maya and Saupp{\'e}, Allison and Albarghouthi, Aws and Mutlu, Bilge},
  booktitle={Proceedings of the 2023 ACM/IEEE International Conference on Human-Robot Interaction},
  pages={584--593},
  year={2023}
}
@inproceedings{cao2019ghostar,
  title={GhostAR: A time-space editor for embodied authoring of human-robot collaborative task with augmented reality},
  author={Cao, Yuanzhi and Wang, Tianyi and Qian, Xun and Rao, Pawan S and Wadhawan, Manav and Huo, Ke and Ramani, Karthik},
  booktitle={Proceedings of the 32nd Annual ACM Symposium on User Interface Software and Technology},
  pages={521--534},
  year={2019}
}
@inproceedings{cakmak2014teaching,
  title={Teaching people how to teach robots: The effect of instructional materials and dialog design},
  author={Cakmak, Maya and Takayama, Leila},
  booktitle={Proceedings of the 2014 ACM/IEEE international conference on Human-robot interaction},
  pages={431--438},
  year={2014}
}
@article{gorostiza2011end,
  title={End-user programming of a social robot by dialog},
  author={Gorostiza, Javi F and Salichs, Miguel A},
  journal={Robotics and Autonomous Systems},
  volume={59},
  number={12},
  pages={1102--1114},
  year={2011},
  publisher={Elsevier}
}

%%%%%% HCI PAPERS   
@inproceedings{masson2024directgpt,
  title={Directgpt: A direct manipulation interface to interact with large language models},
  author={Masson, Damien and Malacria, Sylvain and Casiez, G{\'e}ry and Vogel, Daniel},
  booktitle={Proceedings of the CHI Conference on Human Factors in Computing Systems},
  pages={1--16},
  year={2024}
}
@inproceedings{li2022scene,
  title={Scene editing as teleoperation: A case study in 6dof kit assembly},
  author={Li, Yulong and Agrawal, Shubham and Liu, Jen-Shuo and Feiner, Steven K and Song, Shuran},
  booktitle={2022 IEEE/RSJ International Conference on Intelligent Robots and Systems (IROS)},
  pages={4773--4780},
  year={2022},
  organization={IEEE}
}
@inproceedings{dragicevic2008video,
  title={Video browsing by direct manipulation},
  author={Dragicevic, Pierre and Ramos, Gonzalo and Bibliowitcz, Jacobo and Nowrouzezahrai, Derek and Balakrishnan, Ravin and Singh, Karan},
  booktitle={Proceedings of the SIGCHI Conference on Human Factors in Computing Systems},
  pages={237--246},
  year={2008}
}
@inproceedings{karrer2008dragon,
  title={Dragon: a direct manipulation interface for frame-accurate in-scene video navigation},
  author={Karrer, Thorsten and Weiss, Malte and Lee, Eric and Borchers, Jan},
  booktitle={Proceedings of the SIGCHI Conference on Human Factors in Computing Systems},
  pages={247--250},
  year={2008}
}
@article{shneiderman1983direct,
  title={Direct manipulation: A step beyond programming languages},
  author={Shneiderman, Ben},
  journal={Computer},
  volume={16},
  number={08},
  pages={57--69},
  year={1983},
  publisher={IEEE Computer Society}
}
@article{shneiderman1982future,
  title={The future of interactive systems and the emergence of direct manipulation},
  author={Shneiderman, Ben},
  journal={Behaviour \& Information Technology},
  volume={1},
  number={3},
  pages={237--256},
  year={1982},
  publisher={Taylor \& Francis}
}
@inproceedings{xia2016object,
  title={Object-oriented drawing},
  author={Xia, Haijun and Araujo, Bruno and Grossman, Tovi and Wigdor, Daniel},
  booktitle={Proceedings of the 2016 CHI Conference on Human Factors in Computing Systems},
  pages={4610--4621},
  year={2016}
}
@inproceedings{lilija2020put,
  title={Who put that there? temporal navigation of spatial recordings by direct manipulation},
  author={Lilija, Klemen and Pohl, Henning and Hornb{\ae}k, Kasper},
  booktitle={Proceedings of the 2020 CHI Conference on Human Factors in Computing Systems},
  pages={1--11},
  year={2020}
}
@inproceedings{xia2018spacetime,
  title={Spacetime: Enabling fluid individual and collaborative editing in virtual reality},
  author={Xia, Haijun and Herscher, Sebastian and Perlin, Ken and Wigdor, Daniel},
  booktitle={Proceedings of the 31st annual ACM symposium on user interface software and technology},
  pages={853--866},
  year={2018}
}
@inproceedings{kim2019datatoon,
  title={Datatoon: Drawing dynamic network comics with pen+ touch interaction},
  author={Kim, Nam Wook and Henry Riche, Nathalie and Bach, Benjamin and Xu, Guanpeng and Brehmer, Matthew and Hinckley, Ken and Pahud, Michel and Xia, Haijun and McGuffin, Michael J and Pfister, Hanspeter},
  booktitle={Proceedings of the 2019 CHI Conference on Human Factors in Computing Systems},
  pages={1--12},
  year={2019}
}
@inproceedings{xia2018dataink,
  title={DataInk: Direct and creative data-oriented drawing},
  author={Xia, Haijun and Henry Riche, Nathalie and Chevalier, Fanny and De Araujo, Bruno and Wigdor, Daniel},
  booktitle={Proceedings of the 2018 CHI Conference on Human Factors in Computing Systems},
  pages={1--13},
  year={2018}
}
@inproceedings{jacobs2017supporting,
  title={Supporting expressive procedural art creation through direct manipulation},
  author={Jacobs, Jennifer and Gogia, Sumit and M{\u{e}}ch, Radom{\'\i}r and Brandt, Joel R},
  booktitle={Proceedings of the 2017 CHI Conference on Human Factors in Computing Systems},
  pages={6330--6341},
  year={2017}
}
@inproceedings{hempel2016semi,
  title={Semi-automated svg programming via direct manipulation},
  author={Hempel, Brian and Chugh, Ravi},
  booktitle={Proceedings of the 29th annual symposium on user interface software and technology},
  pages={379--390},
  year={2016}
}
@inproceedings{suzuki2018reactile,
  title={Reactile: Programming swarm user interfaces through direct physical manipulation},
  author={Suzuki, Ryo and Kato, Jun and Gross, Mark D and Yeh, Tom},
  booktitle={Proceedings of the 2018 CHI Conference on Human Factors in Computing Systems},
  pages={1--13},
  year={2018}
}
@inproceedings{le2016zooids,
  title={Zooids: Building blocks for swarm user interfaces},
  author={Le Goc, Mathieu and Kim, Lawrence H and Parsaei, Ali and Fekete, Jean-Daniel and Dragicevic, Pierre and Follmer, Sean},
  booktitle={Proceedings of the 29th annual symposium on user interface software and technology},
  pages={97--109},
  year={2016}
}
@inproceedings{suzuki2019shapebots,
  title={Shapebots: Shape-changing swarm robots},
  author={Suzuki, Ryo and Zheng, Clement and Kakehi, Yasuaki and Yeh, Tom and Do, Ellen Yi-Luen and Gross, Mark D and Leithinger, Daniel},
  booktitle={Proceedings of the 32nd annual ACM symposium on user interface software and technology},
  pages={493--505},
  year={2019}
}
@inproceedings{zhou2024timetunnel,
  title={TimeTunnel: Integrating Spatial and Temporal Motion Editing for Character Animation in Virtual Reality},
  author={Zhou, Qian and Ledo, David and Fitzmaurice, George and Anderson, Fraser},
  booktitle={Proceedings of the CHI Conference on Human Factors in Computing Systems},
  pages={1--17},
  year={2024}
}
@inproceedings{koyama2018optimo,
  title={Optimo: Optimization-guided motion editing for keyframe character animation},
  author={Koyama, Yuki and Goto, Masataka},
  booktitle={Proceedings of the 2018 CHI Conference on Human Factors in Computing Systems},
  pages={1--12},
  year={2018}
}
@article{tseng2024keyframer,
  title={Keyframer: Empowering Animation Design using Large Language Models},
  author={Tseng, Tiffany and Cheng, Ruijia and Nichols, Jeffrey},
  journal={arXiv preprint arXiv:2402.06071},
  year={2024}
}
@inproceedings{krosnick2018expresso,
  title={Expresso: Building responsive interfaces with keyframes},
  author={Krosnick, Rebecca and Lee, Sang Won and Laseck, Walter S and Onev, Steve},
  booktitle={2018 IEEE Symposium on Visual Languages and Human-Centric Computing (VL/HCC)},
  pages={39--47},
  year={2018},
  organization={IEEE}
}
@inproceedings{wu2024framekit,
  title={FrameKit: A Tool for Authoring Adaptive UIs Using Keyframes},
  author={Wu, Jason and Todi, Kashyap and Chan, Joannes and Myers, Brad A and Lafreniere, Ben},
  booktitle={Proceedings of the 29th International Conference on Intelligent User Interfaces},
  pages={660--674},
  year={2024}
}
@inproceedings{huber2010toward,
  title={Toward more efficient user interfaces for mobile video browsing: an in-depth exploration of the design space},
  author={Huber, Jochen and Steimle, J{\"u}rgen and M{\"u}hlh{\"a}user, Max},
  booktitle={Proceedings of the 18th ACM international conference on Multimedia},
  pages={341--350},
  year={2010}
}
@inproceedings{tse1998dynamic,
  title={Dynamic key frame presentation techniques for augmenting video browsing},
  author={Tse, Tony and Marchionini, Gary and Ding, Wei and Slaughter, Laura and Komlodi, Anita},
  booktitle={Proceedings of the working conference on Advanced visual interfaces},
  pages={185--194},
  year={1998}
}


%%%%%% Robot Foundation Models
@article{zhi2024closed,
  title={Closed-loop open-vocabulary mobile manipulation with gpt-4v},
  author={Zhi, Peiyuan and Zhang, Zhiyuan and Han, Muzhi and Zhang, Zeyu and Li, Zhitian and Jiao, Ziyuan and Jia, Baoxiong and Huang, Siyuan},
  journal={arXiv preprint arXiv:2404.10220},
  year={2024}
}
@article{kwon2023reward,
  title={Reward design with language models},
  author={Kwon, Minae and Xie, Sang Michael and Bullard, Kalesha and Sadigh, Dorsa},
  journal={arXiv preprint arXiv:2303.00001},
  year={2023}
}
@inproceedings{liang2023code,
  title={Code as policies: Language model programs for embodied control},
  author={Liang, Jacky and Huang, Wenlong and Xia, Fei and Xu, Peng and Hausman, Karol and Ichter, Brian and Florence, Pete and Zeng, Andy},
  booktitle={2023 IEEE International Conference on Robotics and Automation (ICRA)},
  pages={9493--9500},
  year={2023},
  organization={IEEE}
}
@inproceedings{singh2023progprompt,
  title={Progprompt: Generating situated robot task plans using large language models},
  author={Singh, Ishika and Blukis, Valts and Mousavian, Arsalan and Goyal, Ankit and Xu, Danfei and Tremblay, Jonathan and Fox, Dieter and Thomason, Jesse and Garg, Animesh},
  booktitle={2023 IEEE International Conference on Robotics and Automation (ICRA)},
  pages={11523--11530},
  year={2023},
  organization={IEEE}
}
@article{liu2024ok,
  title={Ok-robot: What really matters in integrating open-knowledge models for robotics},
  author={Liu, Peiqi and Orru, Yaswanth and Paxton, Chris and Shafiullah, Nur Muhammad Mahi and Pinto, Lerrel},
  journal={arXiv preprint arXiv:2401.12202},
  year={2024}
}
@article{kawaharazuka2024real,
  title={Real-world robot applications of foundation models: A review},
  author={Kawaharazuka, Kento and Matsushima, Tatsuya and Gambardella, Andrew and Guo, Jiaxian and Paxton, Chris and Zeng, Andy},
  journal={arXiv preprint arXiv:2402.05741},
  year={2024}
}
@article{driess2023palm,
  title={Palm-e: An embodied multimodal language model},
  author={Driess, Danny and Xia, Fei and Sajjadi, Mehdi SM and Lynch, Corey and Chowdhery, Aakanksha and Ichter, Brian and Wahid, Ayzaan and Tompson, Jonathan and Vuong, Quan and Yu, Tianhe and others},
  journal={arXiv preprint arXiv:2303.03378},
  year={2023}
}
@article{kim2024openvla,
  title={OpenVLA: An Open-Source Vision-Language-Action Model},
  author={Kim, Moo Jin and Pertsch, Karl and Karamcheti, Siddharth and Xiao, Ted and Balakrishna, Ashwin and Nair, Suraj and Rafailov, Rafael and Foster, Ethan and Lam, Grace and Sanketi, Pannag and others},
  journal={arXiv preprint arXiv:2406.09246},
  year={2024}
}

@article{team2024octo,
  title={Octo: An open-source generalist robot policy},
  author={Team, Octo Model and Ghosh, Dibya and Walke, Homer and Pertsch, Karl and Black, Kevin and Mees, Oier and Dasari, Sudeep and Hejna, Joey and Kreiman, Tobias and Xu, Charles and others},
  journal={arXiv preprint arXiv:2405.12213},
  year={2024}
}
@article{kapelyukh2023dall,
  title={Dall-e-bot: Introducing web-scale diffusion models to robotics},
  author={Kapelyukh, Ivan and Vosylius, Vitalis and Johns, Edward},
  journal={IEEE Robotics and Automation Letters},
  volume={8},
  number={7},
  pages={3956--3963},
  year={2023},
  publisher={IEEE}
}
@article{sundaresan2024rt,
  title={RT-Sketch: Goal-Conditioned Imitation Learning from Hand-Drawn Sketches},
  author={Sundaresan, Priya and Vuong, Quan and Gu, Jiayuan and Xu, Peng and Xiao, Ted and Kirmani, Sean and Yu, Tianhe and Stark, Michael and Jain, Ajinkya and Hausman, Karol and others},
  year={2024}
}
@article{gu2023rt,
  title={Rt-trajectory: Robotic task generalization via hindsight trajectory sketches},
  author={Gu, Jiayuan and Kirmani, Sean and Wohlhart, Paul and Lu, Yao and Arenas, Montserrat Gonzalez and Rao, Kanishka and Yu, Wenhao and Fu, Chuyuan and Gopalakrishnan, Keerthana and Xu, Zhuo and others},
  journal={arXiv preprint arXiv:2311.01977},
  year={2023}
}
@inproceedings{chane2021goal,
  title={Goal-conditioned reinforcement learning with imagined subgoals},
  author={Chane-Sane, Elliot and Schmid, Cordelia and Laptev, Ivan},
  booktitle={International conference on machine learning},
  pages={1430--1440},
  year={2021},
  organization={PMLR}
}
@inproceedings{groth2021goal,
  title={Goal-conditioned end-to-end visuomotor control for versatile skill primitives},
  author={Groth, Oliver and Hung, Chia-Man and Vedaldi, Andrea and Posner, Ingmar},
  booktitle={2021 IEEE International Conference on Robotics and Automation (ICRA)},
  pages={1319--1325},
  year={2021},
  organization={IEEE}
}
@inproceedings{nair2020contextual,
  title={Contextual imagined goals for self-supervised robotic learning},
  author={Nair, Ashvin and Bahl, Shikhar and Khazatsky, Alexander and Pong, Vitchyr and Berseth, Glen and Levine, Sergey},
  booktitle={Conference on Robot Learning},
  pages={530--539},
  year={2020},
  organization={PMLR}
}
@article{wang2024language,
  title={This\&That: Language-Gesture Controlled Video Generation for Robot Planning},
  author={Wang, Boyang and Sridhar, Nikhil and Feng, Chao and Van der Merwe, Mark and Fishman, Adam and Fazeli, Nima and Park, Jeong Joon},
  journal={arXiv preprint arXiv:2407.05530},
  year={2024}
}

%%%%%%%% Sim
@article{nasiriany2024robocasa,
  title={RoboCasa: Large-Scale Simulation of Everyday Tasks for Generalist Robots},
  author={Nasiriany, Soroush and Maddukuri, Abhiram and Zhang, Lance and Parikh, Adeet and Lo, Aaron and Joshi, Abhishek and Mandlekar, Ajay and Zhu, Yuke},
  journal={arXiv preprint arXiv:2406.02523},
  year={2024}
}

%%%% Diffusion models
@article{black2023zero,
  title={Zero-shot robotic manipulation with pretrained image-editing diffusion models},
  author={Black, Kevin and Nakamoto, Mitsuhiko and Atreya, Pranav and Walke, Homer and Finn, Chelsea and Kumar, Aviral and Levine, Sergey},
  journal={arXiv preprint arXiv:2310.10639},
  year={2023}
}
@inproceedings{brooks2023instructpix2pix,
  title={Instructpix2pix: Learning to follow image editing instructions},
  author={Brooks, Tim and Holynski, Aleksander and Efros, Alexei A},
  booktitle={Proceedings of the IEEE/CVF Conference on Computer Vision and Pattern Recognition},
  pages={18392--18402},
  year={2023}
}

%%% Object detection
@article{minderer2024scaling,
  title={Scaling open-vocabulary object detection},
  author={Minderer, Matthias and Gritsenko, Alexey and Houlsby, Neil},
  journal={Advances in Neural Information Processing Systems},
  volume={36},
  year={2024}
}
@inproceedings{kirillov2023segment,
  title={Segment anything},
  author={Kirillov, Alexander and Mintun, Eric and Ravi, Nikhila and Mao, Hanzi and Rolland, Chloe and Gustafson, Laura and Xiao, Tete and Whitehead, Spencer and Berg, Alexander C and Lo, Wan-Yen and others},
  booktitle={Proceedings of the IEEE/CVF International Conference on Computer Vision},
  pages={4015--4026},
  year={2023}
}
@inproceedings{suvorov2022resolution,
  title={Resolution-robust large mask inpainting with fourier convolutions},
  author={Suvorov, Roman and Logacheva, Elizaveta and Mashikhin, Anton and Remizova, Anastasia and Ashukha, Arsenii and Silvestrov, Aleksei and Kong, Naejin and Goka, Harshith and Park, Kiwoong and Lempitsky, Victor},
  booktitle={Proceedings of the IEEE/CVF winter conference on applications of computer vision},
  pages={2149--2159},
  year={2022}
}

@inproceedings{rakita2017motion,
  title={A motion retargeting method for effective mimicry-based teleoperation of robot arms},
  author={Rakita, Daniel and Mutlu, Bilge and Gleicher, Michael},
  booktitle={Proceedings of the 2017 ACM/IEEE International Conference on Human-Robot Interaction},
  pages={361--370},
  year={2017}
}

@article{rakita2019shared,
  title={Shared control--based bimanual robot manipulation},
  author={Rakita, Daniel and Mutlu, Bilge and Gleicher, Michael and Hiatt, Laura M},
  journal={Science Robotics},
  volume={4},
  number={30},
  pages={eaaw0955},
  year={2019},
  publisher={American Association for the Advancement of Science}
}

@article{fu2024mobile,
  title={Mobile aloha: Learning bimanual mobile manipulation with low-cost whole-body teleoperation},
  author={Fu, Zipeng and Zhao, Tony Z and Finn, Chelsea},
  journal={arXiv preprint arXiv:2401.02117},
  year={2024}
}

@inproceedings{huang2016anticipatory,
  title={Anticipatory robot control for efficient human-robot collaboration},
  author={Huang, Chien-Ming and Mutlu, Bilge},
  booktitle={2016 11th ACM/IEEE international conference on human-robot interaction (HRI)},
  pages={83--90},
  year={2016},
  organization={IEEE}
}

@article{jain2019probabilistic,
  title={Probabilistic human intent recognition for shared autonomy in assistive robotics},
  author={Jain, Siddarth and Argall, Brenna},
  journal={ACM Transactions on Human-Robot Interaction (THRI)},
  volume={9},
  number={1},
  pages={1--23},
  year={2019},
  publisher={ACM New York, NY, USA}
}

@article{losey2022learning,
  title={Learning latent actions to control assistive robots},
  author={Losey, Dylan P and Jeon, Hong Jun and Li, Mengxi and Srinivasan, Krishnan and Mandlekar, Ajay and Garg, Animesh and Bohg, Jeannette and Sadigh, Dorsa},
  journal={Autonomous robots},
  volume={46},
  number={1},
  pages={115--147},
  year={2022},
  publisher={Springer}
}

@article{darvish2023teleoperation,
  title={Teleoperation of humanoid robots: A survey},
  author={Darvish, Kourosh and Penco, Luigi and Ramos, Joao and Cisneros, Rafael and Pratt, Jerry and Yoshida, Eiichi and Ivaldi, Serena and Pucci, Daniele},
  journal={IEEE Transactions on Robotics},
  volume={39},
  number={3},
  pages={1706--1727},
  year={2023},
  publisher={IEEE}
}

@article{rea2022still,
  title={Still not solved: A call for renewed focus on user-centered teleoperation interfaces},
  author={Rea, Daniel J and Seo, Stela H},
  journal={Frontiers in Robotics and AI},
  volume={9},
  pages={704225},
  year={2022},
  publisher={Frontiers Media SA}
}